<?xml version="1.0" encoding="UTF-8"?><record xmlns="http://www.loc.gov/MARC21/slim" xmlns:cinclude="http://apache.org/cocoon/include/1.0" xmlns:zs="http://www.loc.gov/zing/srw/">
  <leader>01423cz  a2200241n  4500</leader>
  <controlfield tag="001">n  78033621 </controlfield>
  <controlfield tag="003">DLC</controlfield>
  <controlfield tag="005">20150806073732.0</controlfield>
  <controlfield tag="008">780612n| azannaabn          |a aaa      </controlfield>
  <datafield tag="010" ind1=" " ind2=" ">
    <subfield code="a">n  78033621 </subfield>
  </datafield>
  <datafield tag="035" ind1=" " ind2=" ">
    <subfield code="a">(OCoLC)oca00169842</subfield>
  </datafield>
  <datafield tag="040" ind1=" " ind2=" ">
    <subfield code="a">DLC</subfield>
    <subfield code="b">eng</subfield>
    <subfield code="e">rda</subfield>
    <subfield code="c">DLC</subfield>
    <subfield code="d">NmU</subfield>
    <subfield code="d">DLC</subfield>
    <subfield code="d">SaPrNL</subfield>
  </datafield>
  <datafield tag="100" ind1="1" ind2=" ">
    <subfield code="a">Maggs, Tim</subfield>
  </datafield>
  <datafield tag="370" ind1=" " ind2=" ">
    <subfield code="c">South Africa</subfield>
    <subfield code="2">naf</subfield>
  </datafield>
  <datafield tag="374" ind1=" " ind2=" ">
    <subfield code="a">Archaeologists</subfield>
    <subfield code="2">lcsh</subfield>
  </datafield>
  <datafield tag="375" ind1=" " ind2=" ">
    <subfield code="a">male</subfield>
  </datafield>
  <datafield tag="377" ind1=" " ind2=" ">
    <subfield code="a">eng</subfield>
  </datafield>
  <datafield tag="400" ind1="1" ind2=" ">
    <subfield code="a">Maggs, T. M. O'C.</subfield>
  </datafield>
  <datafield tag="670" ind1=" " ind2=" ">
    <subfield code="a">His Iron Age communities ... 1976:</subfield>
    <subfield code="b">t.p. (T.M. O'C. Maggs) p. xiv (archaeologist to the Natal Museum)</subfield>
  </datafield>
  <datafield tag="670" ind1=" " ind2=" ">
    <subfield code="a">Major rock paintings of southern Africa, c1979:</subfield>
    <subfield code="b">t.p. (Tim Maggs)</subfield>
  </datafield>
  <datafield tag="670" ind1=" " ind2=" ">
    <subfield code="a">African naissance, 2000:</subfield>
    <subfield code="b">t.p. (Tim Maggs) p. 2 of cover (Prof. Tim Maggs) p. 1 (Dept. of Archaeology, Univ. of Cape Town)</subfield>
  </datafield>
  <datafield tag="675" ind1=" " ind2=" ">
    <subfield code="a">WW of So. Afr., 1977-78;</subfield>
    <subfield code="a">Guide to museums of So. Afr., 1969.</subfield>
  </datafield>
  <datafield tag="670" ind1=" " ind2=" ">
    <subfield code="a">Forgotten world, 2014:</subfield>
    <subfield code="b">title page (Tim Maggs) front cover flap (Tim Maggs did pioneering research, in the 1960s, on the precolonial black farming communities of the Free State. He then moved to KwaZulu-Natal as the first qualified archaeologist to be based in that province. Retired to the Western Cape from 1994, he was awarded an honorary professorship by the University of Cape Town. He has continued to cooperate in research projects on the Later Stone Age and early farming communities in the Western Cape, North West and especially Mpumalanga)</subfield>
  </datafield>
</record>